<?xml version="1.0" encoding="UTF-8"?><collection xmlns="http://www.loc.gov/MARC21/slim"><record><leader>00436nam--2200169-i-4500</leader><controlfield tag="001">000033034</controlfield><controlfield tag="002">20161230</controlfield><controlfield tag="005">20170304145955</controlfield><controlfield tag="008">060222s1000------------r-----000-0-eng-d</controlfield><datafield ind1=" " ind2=" " tag="080"><subfield code="a">539.17(083)</subfield></datafield><datafield ind1=" " ind2=" " tag="100"><subfield code="a">Marion, Jerry B</subfield></datafield><datafield ind1=" " ind2=" " tag="245"><subfield code="a">Nuclear reaction analysis. Graphs and tables</subfield></datafield><datafield ind1=" " ind2=" " tag="260"><subfield code="a">Amsterdam</subfield><subfield code="b">North-holland Publ. Co</subfield><subfield code="c">1968</subfield></datafield><datafield ind1=" " ind2=" " tag="300"><subfield code="a">169 p</subfield></datafield><datafield ind1=" " ind2=" " tag="700"><subfield code="a">Young, F. C</subfield></datafield><datafield ind1=" " ind2=" " tag="852"><subfield code="a">30032</subfield></datafield><datafield ind1=" " ind2=" " tag="CAT"><subfield code="a">SYS</subfield><subfield code="c">20170304</subfield><subfield code="h">145955</subfield></datafield></record></collection>